@article{cite1,
 author = {M. Montemerlo, J. Becker, S. Bhat, H. Dahlkamp, D. Dolgov, S. Ettinger, D. Haehnel, T. Hilden, G. Hoffmann, B. Huhnke, D. Johnston, S. Klumpp, D. Langer, A. Levandowski, J. Levinson, J. Marcil, D. Orenstein, J. Paefgen, I. Penny, A. Petrovskaya, M. Pflueger, G. Stanek, D. Stavens, A. Vogt, and S. Thrun},
 journal = {In Proceedings of the Symposium on Automation, Assistence and Embedded Real Time Platforms for Transportation (AAET)},
 title = {Junior, the stanford racing team’s robot in the 2007 darpa urban challenge },
 year = {2008}
}
@misc{cite2,
  title = {VESC – Open Source ESC},
  howpublished = {\url{http://vedder.se/2015/01/vesc-open-source-esc/}},
  note = {Accessed: 2019-07-01}
}
@article{cite3,
 author = {Quigley, M., Conley, K., Gerkey, B. P., Faust, J., Foote, T., Leibs, J., Wheeler, R. & Ng, A. Y.},
 journal = {ICRA Workshop on Open Source Software},
 title = {ROS: an open-source Robot Operating System},
 year = {2009}
}
